@article{thompson1984reflections,
  title={Reflections on Trusting Trust},
  author={Thompson, Ken},
  journal={Communications of the ACM},
  volume={27},
  number={8},
  pages={761--763},
  year={1984},
  publisher={ACM New York, NY, USA}
}

@book{copeland2004essential,
  title={The Essential Turing: Seminal Writings in Computing, Logic, Philosophy, Artificial Intelligence, and Artificial Life plus The Secrets of Enigma},
  author={Copeland, B. Jack},
  year={2004},
  publisher={Oxford University Press}
}

@misc{
    Freund_2024, 
    title={Oss-security - backdoor in upstream XZ/liblzma leading to SSH server compromise}, 
    howpublished="\url{https://www.openwall.com/lists/oss-security/2024/03/29/4}", 
    journal={Openwall}, 
    author={Freund, Andres}, 
    year={2024}, 
    month={Mar}
} 

@misc{
    Boehs_2024,
    title={Everything I know about the XZ backdoor}, 
    howpublished="\url{https://boehs.org/node/everything-i-know-about-the-xz-backdoor}", 
    journal={Evan Boehs}, 
    author={Boehs, Evan}, 
    year={2024}, 
    month={Mar}
} 

@misc{
    Cox, 
    title={Timeline of the XZ open source attack posted on Monday, April 1, 2024.Updated Wednesday, April 3, 2024.},
    howpublished="\url{https://research.swtch.com/xz-timeline}", 
    journal={research!rsc: Timeline of the xz open source attack}, 
    author={Cox, Russ}
} 

@misc{
    Wikipedia_2024, 
    title={XZ Utils},
    howpublished="\url{https://en.wikipedia.org/wiki/XZ_Utils}", 
    journal={Wikipedia}, 
    publisher={Wikimedia Foundation}, 
    year={2024}, 
    month={Apr}
} 
@misc{
    xkcd,
    title={xkcd: Dependency},
    howpublished="\url{https://xkcd.com/2347/}", 
} 

@misc{
    Coldwind_2024, 
    title={XZ/Liblzma: Bash-stage obfuscation explained},
    howpublished="\url{https://gynvael.coldwind.pl/?lang=en&id=782}",
    journal={gynvael.coldwind//vx}, 
    author={Coldwind, Gynvael}, 
    year={2024}, 
    month={Mar}
} 

@misc{
    Roccia_2024,
    title={XZ Outbreak (CVE-2024-3094)},
    howpublished="\url{https://twitter.com/fr0gger_/status/1774342248437813525}", 
    author={Thomas Roccia},
    year={2024},
    month={Mar}
} 

@misc{
    Goodin_2024, 
    title={What we know about the XZ utils backdoor that almost infected the world}, 
    howpublished="\url{https://arstechnica.com/security/2024/04/what-we-know-about-the-xz-utils-backdoor-that-almost-infected-the-world/}",
    journal={Ars Technica}, 
    author={Goodin, Dan},
    year={2024},
    month={Apr}
} 

@misc{
    Collin_2024, 
    title={XZ Utils backdoor}, 
    howpublished="\url{https://tukaani.org/xz-backdoor/}", 
    journal={XZ utils backdoor}, 
    author={Collin, Lasse}, 
    year={2024}, 
    month={Apr}
} 

@article{
    Goodin2015Lenovo,
    title={Lenovo PCs ship with man-in-the-middle adware that breaks HTTPS connections},
    author={Goodin, Dan},
    journal={Ars Technica},
    year={2015},
    howpublished="\url{https://arstechnica.com/information-technology/2015/02/lenovo-pcs-ship-with-man-in-the-middle-adware-that-breaks-https-connections/}"
}

@misc{
    YouTube_2024, 
    howpublished="\url{https://youtu.be/vV_WdTBbww4?si=uz-JF1cAUvUQ7VbW}", 
    journal={YouTube}, 
    publisher={Low Level Learning}, 
    year={2024}, 
    month={Apr}
} 